<?xml version = "1.0" encoding = "UTF-8"?><record>
  <leader>01425nam#a2200349#c#4500</leader>
  <controlfield tag="005">20210409085816.0</controlfield>
  <controlfield tag="007">tu</controlfield>
  <controlfield tag="008">141111|2014####gw#######c####|||#|#ger#c</controlfield>
  <controlfield tag="003">DE-605</controlfield>
  <controlfield tag="001">990205919530206441</controlfield>
  <datafield tag="016" ind1="7" ind2=" ">
    <subfield code="a">1075863987</subfield>
    <subfield code="2">OCoLC</subfield>
  </datafield>
  <datafield tag="035" ind1=" " ind2=" ">
    <subfield code="a">(DE-605)HT018454638</subfield>
  </datafield>
  <datafield tag="040" ind1=" " ind2=" ">
    <subfield code="a">Kn 28</subfield>
    <subfield code="b">ger</subfield>
    <subfield code="d">61</subfield>
    <subfield code="e">rakwb</subfield>
  </datafield>
  <datafield tag="041" ind1=" " ind2=" ">
    <subfield code="a">ger</subfield>
  </datafield>
  <datafield tag="044" ind1=" " ind2=" ">
    <subfield code="c">XA-DE</subfield>
  </datafield>
  <datafield tag="084" ind1=" " ind2=" ">
    <subfield code="a">Herkenrath</subfield>
    <subfield code="0">https://nwbib.de/spatial#Q1261488</subfield>
    <subfield code="2">nwbib</subfield>
  </datafield>
  <datafield tag="084" ind1=" " ind2=" ">
    <subfield code="a">Kirchengemeinden</subfield>
    <subfield code="0">https://nwbib.de/subjects#N611030</subfield>
    <subfield code="2">nwbib</subfield>
  </datafield>
  <datafield tag="245" ind1="0" ind2="0">
    <subfield code="a">Gottes Haus - Tor des Himmels</subfield>
    <subfield code="b">Festschrift zum Jubil&#228;um 2014 in St. Antonius Abbas, Herkenrath ; Ausstellungsbegleiter</subfield>
    <subfield code="c">[Hrsg.: St. Joseph und St. Antonius, Bergisch-Gladbach. Beitr.: Ursula Clemens-Schierbaum ...]</subfield>
  </datafield>
  <datafield tag="264" ind1=" " ind2="1">
    <subfield code="a">Bergisch Gladbach</subfield>
    <subfield code="c">2014</subfield>
  </datafield>
  <datafield tag="300" ind1=" " ind2=" ">
    <subfield code="a">122 S. : zahlr. Ill.</subfield>
  </datafield>
  <datafield tag="689" ind1="0" ind2="0">
    <subfield code="a">Pfarrei St. Joseph und St. Antonius Bergisch Gladbach</subfield>
    <subfield code="D">b</subfield>
    <subfield code="0">(DE-588)1060772442</subfield>
    <subfield code="0">(uri) https://portal.dnb.de/opac.htm?method=simpleSearch&amp;cqlMode=true&amp;query=idn=1060772442</subfield>
    <subfield code="0">(uri) http://viaf.org/viaf/sourceID/DNB|1060772442</subfield>
    <subfield code="B">GND-1060772442</subfield>
  </datafield>
  <datafield tag="689" ind1="0" ind2="1">
    <subfield code="a">Pfarrei Sankt Antonius Abbas Herkenrath</subfield>
    <subfield code="D">b</subfield>
    <subfield code="0">(DE-588)2175350-7</subfield>
    <subfield code="0">(uri) https://portal.dnb.de/opac.htm?method=simpleSearch&amp;cqlMode=true&amp;query=idn=955810396</subfield>
    <subfield code="0">(uri) http://viaf.org/viaf/sourceID/DNB|955810396</subfield>
    <subfield code="B">GND-955810396</subfield>
  </datafield>
  <datafield tag="689" ind1="0" ind2="2">
    <subfield code="a">Geschichte</subfield>
    <subfield code="A">z</subfield>
  </datafield>
  <datafield tag="700" ind1="1" ind2=" ">
    <subfield code="a">Clemens-Schierbaum, Ursula</subfield>
    <subfield code="d">1963-</subfield>
    <subfield code="0">(DE-588)172845785</subfield>
    <subfield code="4">oth</subfield>
    <subfield code="0">(uri) https://portal.dnb.de/opac.htm?method=simpleSearch&amp;cqlMode=true&amp;query=idn=172845785</subfield>
    <subfield code="0">(uri) http://viaf.org/viaf/sourceID/DNB|172845785</subfield>
    <subfield code="B">GND-172845785</subfield>
  </datafield>
  <datafield tag="710" ind1="2" ind2=" ">
    <subfield code="a">Pfarrei St. Joseph und St. Antonius Bergisch Gladbach</subfield>
    <subfield code="0">(DE-588)1060772442</subfield>
    <subfield code="4">oth</subfield>
    <subfield code="0">(uri) https://portal.dnb.de/opac.htm?method=simpleSearch&amp;cqlMode=true&amp;query=idn=1060772442</subfield>
    <subfield code="0">(uri) http://viaf.org/viaf/sourceID/DNB|1060772442</subfield>
    <subfield code="B">GND-1060772442</subfield>
  </datafield>
  <datafield tag="710" ind1="2" ind2=" ">
    <subfield code="a">Pfarrei Sankt Antonius Abbas Herkenrath</subfield>
    <subfield code="0">(DE-588)2175350-7</subfield>
    <subfield code="4">oth</subfield>
    <subfield code="0">(uri) https://portal.dnb.de/opac.htm?method=simpleSearch&amp;cqlMode=true&amp;query=idn=955810396</subfield>
    <subfield code="0">(uri) http://viaf.org/viaf/sourceID/DNB|955810396</subfield>
    <subfield code="B">GND-955810396</subfield>
  </datafield>
  <datafield tag="960" ind1="1" ind2=" ">
    <subfield code="n">NWBib-61</subfield>
  </datafield>
  <datafield tag="964" ind1="0" ind2="s">
    <subfield code="F">030</subfield>
    <subfield code="A">a|1uc||||||37</subfield>
  </datafield>
  <datafield tag="964" ind1="0" ind2="s">
    <subfield code="F">050</subfield>
    <subfield code="A">a|a|||||||||||</subfield>
  </datafield>
  <datafield tag="964" ind1="0" ind2="s">
    <subfield code="F">051</subfield>
    <subfield code="A">mc||||||</subfield>
  </datafield>
  <datafield tag="035" ind1=" " ind2=" ">
    <subfield code="a">(OCoLC)1075863987</subfield>
    <subfield code="0">(uri) http://www.worldcat.org/oclc/1075863987</subfield>
  </datafield>
  <datafield tag="035" ind1=" " ind2=" ">
    <subfield code="a">(DE-599)HBZHT018454638</subfield>
  </datafield>
  <datafield tag="MBD" ind1=" " ind2=" ">
    <subfield code="M">49HBZ_NETWORK</subfield>
    <subfield code="i">990205919530206441</subfield>
    <subfield code="n">HBZ Network</subfield>
  </datafield>
  <datafield tag="MNG" ind1=" " ind2=" ">
    <subfield code="c">System</subfield>
    <subfield code="f">ILS</subfield>
    <subfield code="i">marc21</subfield>
    <subfield code="k">01</subfield>
    <subfield code="e">false</subfield>
    <subfield code="d">2021-07-14 04:06:31 Europe/Berlin</subfield>
    <subfield code="g">020591953-HBZ01</subfield>
    <subfield code="j">60</subfield>
    <subfield code="a">import</subfield>
    <subfield code="b">2021-04-05 12:42:30 Europe/Berlin</subfield>
  </datafield>
  <datafield tag="GKT" ind1="2" ind2=" ">
    <subfield code="a">Pfarrei St. Antonius Abbas Herkenrath</subfield>
    <subfield code="A">GND</subfield>
    <subfield code="B">GND-955810396</subfield>
    <subfield code="C">410</subfield>
  </datafield>
  <datafield tag="GKT" ind1="2" ind2=" ">
    <subfield code="a">Pfarrei Sankt Antonius Abbas Bergisch Gladbach- Herkenrath</subfield>
    <subfield code="A">GND</subfield>
    <subfield code="B">GND-955810396</subfield>
    <subfield code="C">410</subfield>
  </datafield>
  <datafield tag="GKT" ind1="2" ind2=" ">
    <subfield code="a">Pfarrei Sankt Antonius Abbas Herkenrath</subfield>
    <subfield code="b">Pfarrgemeinderat</subfield>
    <subfield code="A">GND</subfield>
    <subfield code="B">GND-955810396</subfield>
    <subfield code="C">410</subfield>
  </datafield>
  <datafield tag="GKT" ind1="2" ind2=" ">
    <subfield code="a">Pfarrgemeinderat</subfield>
    <subfield code="g">Pfarrei Sankt Antonius Abbas Herkenrath</subfield>
    <subfield code="A">GND</subfield>
    <subfield code="B">GND-955810396</subfield>
    <subfield code="C">410</subfield>
  </datafield>
  <datafield tag="GKT" ind1="2" ind2=" ">
    <subfield code="a">Pfarrgemeinderat Sankt Antonius Abbas Herkenrath</subfield>
    <subfield code="A">GND</subfield>
    <subfield code="B">GND-955810396</subfield>
    <subfield code="C">410</subfield>
  </datafield>
  <datafield tag="GSI" ind1="7" ind2=" ">
    <subfield code="a">http://d-nb.info/gnd/2175350-7</subfield>
    <subfield code="2">uri</subfield>
    <subfield code="A">GND</subfield>
    <subfield code="B">GND-955810396</subfield>
    <subfield code="C">024</subfield>
  </datafield>
  <datafield tag="GKT" ind1="2" ind2=" ">
    <subfield code="a">Pfarrei Sankt Joseph und Sankt Antonius Bergisch Gladbach</subfield>
    <subfield code="A">GND</subfield>
    <subfield code="B">GND-1060772442</subfield>
    <subfield code="C">410</subfield>
  </datafield>
  <datafield tag="GKT" ind1="2" ind2=" ">
    <subfield code="a">Katholische Kirchengemeinde St. Joseph und St. Antonius Bergisch Gladbach</subfield>
    <subfield code="A">GND</subfield>
    <subfield code="B">GND-1060772442</subfield>
    <subfield code="C">410</subfield>
  </datafield>
  <datafield tag="GKT" ind1="2" ind2=" ">
    <subfield code="a">Katholische Kirchengemeinde Sankt Joseph und Sankt Antonius Bergisch Gladbach</subfield>
    <subfield code="A">GND</subfield>
    <subfield code="B">GND-1060772442</subfield>
    <subfield code="C">410</subfield>
  </datafield>
  <datafield tag="GSI" ind1="7" ind2=" ">
    <subfield code="a">http://d-nb.info/gnd/1060772442</subfield>
    <subfield code="2">uri</subfield>
    <subfield code="A">GND</subfield>
    <subfield code="B">GND-1060772442</subfield>
    <subfield code="C">024</subfield>
  </datafield>
  <datafield tag="GPN" ind1="1" ind2=" ">
    <subfield code="a">Schierbaum, Ursula C.-</subfield>
    <subfield code="d">1963-</subfield>
    <subfield code="A">GND</subfield>
    <subfield code="B">GND-172845785</subfield>
    <subfield code="C">400</subfield>
  </datafield>
  <datafield tag="GPN" ind1="1" ind2=" ">
    <subfield code="a">Clemens, Ursula</subfield>
    <subfield code="d">1963-</subfield>
    <subfield code="4">nafr</subfield>
    <subfield code="4">https://d-nb.info/standards/elementset/gnd#EarlierNameOfThePerson</subfield>
    <subfield code="w">r</subfield>
    <subfield code="i">Frueherer Name</subfield>
    <subfield code="e">Frueherer Name</subfield>
    <subfield code="A">GND</subfield>
    <subfield code="B">GND-172845785</subfield>
    <subfield code="C">400</subfield>
  </datafield>
  <datafield tag="GPN" ind1="1" ind2=" ">
    <subfield code="a">Schierbaum, Ursula Clemens-</subfield>
    <subfield code="d">1963-</subfield>
    <subfield code="A">GND</subfield>
    <subfield code="B">GND-172845785</subfield>
    <subfield code="C">400</subfield>
  </datafield>
  <datafield tag="GSI" ind1="7" ind2=" ">
    <subfield code="a">172845785</subfield>
    <subfield code="0">http://d-nb.info/gnd/172845785</subfield>
    <subfield code="2">gnd</subfield>
    <subfield code="A">GND</subfield>
    <subfield code="B">GND-172845785</subfield>
    <subfield code="C">024</subfield>
  </datafield>
  <datafield tag="GKT" ind1="2" ind2=" ">
    <subfield code="a">Pfarrei St. Antonius Abbas Herkenrath</subfield>
    <subfield code="A">GND</subfield>
    <subfield code="B">GND-955810396</subfield>
    <subfield code="C">410</subfield>
  </datafield>
  <datafield tag="GKT" ind1="2" ind2=" ">
    <subfield code="a">Pfarrei Sankt Antonius Abbas Bergisch Gladbach- Herkenrath</subfield>
    <subfield code="A">GND</subfield>
    <subfield code="B">GND-955810396</subfield>
    <subfield code="C">410</subfield>
  </datafield>
  <datafield tag="GKT" ind1="2" ind2=" ">
    <subfield code="a">Pfarrei Sankt Antonius Abbas Herkenrath</subfield>
    <subfield code="b">Pfarrgemeinderat</subfield>
    <subfield code="A">GND</subfield>
    <subfield code="B">GND-955810396</subfield>
    <subfield code="C">410</subfield>
  </datafield>
  <datafield tag="GKT" ind1="2" ind2=" ">
    <subfield code="a">Pfarrgemeinderat</subfield>
    <subfield code="g">Pfarrei Sankt Antonius Abbas Herkenrath</subfield>
    <subfield code="A">GND</subfield>
    <subfield code="B">GND-955810396</subfield>
    <subfield code="C">410</subfield>
  </datafield>
  <datafield tag="GKT" ind1="2" ind2=" ">
    <subfield code="a">Pfarrgemeinderat Sankt Antonius Abbas Herkenrath</subfield>
    <subfield code="A">GND</subfield>
    <subfield code="B">GND-955810396</subfield>
    <subfield code="C">410</subfield>
  </datafield>
  <datafield tag="GSI" ind1="7" ind2=" ">
    <subfield code="a">http://d-nb.info/gnd/2175350-7</subfield>
    <subfield code="2">uri</subfield>
    <subfield code="A">GND</subfield>
    <subfield code="B">GND-955810396</subfield>
    <subfield code="C">024</subfield>
  </datafield>
  <datafield tag="GKT" ind1="2" ind2=" ">
    <subfield code="a">Pfarrei Sankt Joseph und Sankt Antonius Bergisch Gladbach</subfield>
    <subfield code="A">GND</subfield>
    <subfield code="B">GND-1060772442</subfield>
    <subfield code="C">410</subfield>
  </datafield>
  <datafield tag="GKT" ind1="2" ind2=" ">
    <subfield code="a">Katholische Kirchengemeinde St. Joseph und St. Antonius Bergisch Gladbach</subfield>
    <subfield code="A">GND</subfield>
    <subfield code="B">GND-1060772442</subfield>
    <subfield code="C">410</subfield>
  </datafield>
  <datafield tag="GKT" ind1="2" ind2=" ">
    <subfield code="a">Katholische Kirchengemeinde Sankt Joseph und Sankt Antonius Bergisch Gladbach</subfield>
    <subfield code="A">GND</subfield>
    <subfield code="B">GND-1060772442</subfield>
    <subfield code="C">410</subfield>
  </datafield>
  <datafield tag="GSI" ind1="7" ind2=" ">
    <subfield code="a">http://d-nb.info/gnd/1060772442</subfield>
    <subfield code="2">uri</subfield>
    <subfield code="A">GND</subfield>
    <subfield code="B">GND-1060772442</subfield>
    <subfield code="C">024</subfield>
  </datafield>
</record>